<?xml version="1.0" encoding="UTF-8"?><collection xmlns="http://www.loc.gov/MARC21/slim"><record><leader>00429nam--2200145-i-4500</leader><controlfield tag="001">000023776</controlfield><controlfield tag="002">20161230</controlfield><controlfield tag="005">20161230201035</controlfield><controlfield tag="008">060222s1000------------r-----000-0-eng-d</controlfield><datafield ind1=" " ind2=" " tag="080"><subfield code="a">514.764.9:515.122.2</subfield></datafield><datafield ind1=" " ind2=" " tag="100"><subfield code="a">Hawworth, R.C. And Mccoy, R.A</subfield></datafield><datafield ind1=" " ind2=" " tag="245"><subfield code="a">Baire spaces</subfield></datafield><datafield ind1=" " ind2=" " tag="260"><subfield code="a">Warszawa, Panstwowe Wydawnictwo Naukowe, 1977. 77 P</subfield></datafield><datafield ind1=" " ind2=" " tag="490"><subfield code="a">Sissertationes Mathematicae. (Rozprawy Matematyczne. Vol. Cxli)</subfield></datafield><datafield ind1=" " ind2=" " tag="852"><subfield code="a">7385</subfield></datafield></record></collection>